@article{DBLP:journals/afp/TuongW15,
  author    = {Fr{\'{e}}d{\'{e}}ric Tuong and
               Burkhart Wolff},
  title     = {A Meta-Model for the Isabelle {API}},
  journal   = {Archive of Formal Proofs},
  volume    = {2015},
  year      = {2015},
  url       = {https://www.isa-afp.org/entries/Isabelle\_Meta\_Model.shtml},
  timestamp = {Mon, 07 Jan 2019 11:16:33 +0100},
  biburl    = {https://dblp.org/rec/bib/journals/afp/TuongW15},
  bibsource = {dblp computer science bibliography, https://dblp.org}
}
