@inproceedings{DBLP:conf/tap/Keller18,
  author    = {Chantal Keller},
  title     = {Tactic Program-Based Testing and Bounded Verification in Isabelle/HOL},
  booktitle = {Tests and Proofs - 12th International Conference, {TAP} 2018, Held
               as Part of {STAF} 2018, Toulouse, France, June 27-29, 2018, Proceedings},
  pages     = {103--119},
  year      = {2018},
  url       = {https://doi.org/10.1007/978-3-319-92994-1\_6},
  doi       = {10.1007/978-3-319-92994-1\_6},
  timestamp = {Mon, 18 Jun 2018 13:57:50 +0200},
  biburl    = {https://dblp.org/rec/bib/conf/tap/Keller18},
  bibsource = {dblp computer science bibliography, https://dblp.org}
}
