../../../C11-FrontEnd/document/root.bib